<record><leader>00000cas a22000007a 4500</leader><controlfield tag="001">15465447</controlfield><controlfield tag="008">870331c19269999iauwr ne      0    0eng d</controlfield><datafield ind1=" " ind2=" " tag="010"><subfield code="a">sn 88059766 </subfield></datafield><datafield ind1=" " ind2=" " tag="040"><subfield code="a">INP</subfield><subfield code="b">eng</subfield><subfield code="c">INP</subfield><subfield code="d">OCLCQ</subfield></datafield><datafield ind1=" " ind2=" " tag="042"><subfield code="a">msc</subfield></datafield><datafield ind1="0" ind2="4" tag="245"><subfield code="a">The Clayton County register.</subfield></datafield><datafield ind1="3" ind2="0" tag="246"><subfield code="a">Register</subfield></datafield><datafield ind1=" " ind2=" " tag="260"><subfield code="a">Elkader, Clayton County, Iowa :</subfield><subfield code="b">H.L. Griffith,</subfield><subfield code="c">1926-</subfield></datafield><datafield ind1=" " ind2=" " tag="300"><subfield code="a">v.</subfield></datafield><datafield ind1=" " ind2=" " tag="310"><subfield code="a">Weekly</subfield></datafield><datafield ind1="0" ind2=" " tag="362"><subfield code="a">Vol. 49, no. 38 (Sept. 23, 1926)-</subfield></datafield><datafield ind1=" " ind2=" " tag="500"><subfield code="a">"Clayton County" appears beneath title ornament, &lt;Mar. 1970-1976&gt;; "Clayton County" appears within title ornament, &lt;Mar. 1986&gt;.</subfield></datafield><datafield ind1=" " ind2=" " tag="500"><subfield code="a">Publisher varies.</subfield></datafield><datafield ind1=" " ind2=" " tag="500"><subfield code="a">Includes separately numbered section called: Volga City news, Jan. 18-&lt;Oct. 1934&gt;.</subfield></datafield><datafield ind1=" " ind2=" " tag="752"><subfield code="a">United States</subfield><subfield code="b">Iowa</subfield><subfield code="c">Clayton</subfield><subfield code="d">Elkader.</subfield></datafield><datafield ind1=" " ind2=" " tag="752"><subfield code="a">United States</subfield><subfield code="b">Iowa</subfield><subfield code="c">Clayton</subfield><subfield code="d">Volga City.</subfield></datafield><datafield ind1="0" ind2="4" tag="780"><subfield code="t">Clayton County messenger</subfield><subfield code="w">(DLC)sn 87058557</subfield></datafield><datafield ind1="0" ind2="4" tag="780"><subfield code="t">Elkader register (Elkader, Iowa : 1918)</subfield><subfield code="w">(DLC)sn 87058101</subfield></datafield><datafield ind1="0" ind2="5" tag="780"><subfield code="t">Volga City news</subfield><subfield code="g">Jan. 18, 1934</subfield><subfield code="w">(DLC)sn 92056107</subfield></datafield><datafield ind1="0" ind2="5" tag="780"><subfield code="t">Monona leader</subfield><subfield code="w">(DLC)sn 88059765</subfield><subfield code="g">Nov. 1971</subfield></datafield><datafield ind1="1" ind2=" " tag="787"><subfield code="t">Volga City news</subfield><subfield code="g">Jan. 18-&lt;Oct. 1934&gt;</subfield></datafield></record>